<?xml version="1.0" encoding="UTF-8"?><record xmlns="http://www.loc.gov/MARC21/slim" xmlns:cinclude="http://apache.org/cocoon/include/1.0" xmlns:zs="http://www.loc.gov/zing/srw/">
  <leader>00861cz  a2200229n  4500</leader>
  <controlfield tag="001">n 2005072244</controlfield>
  <controlfield tag="003">DLC</controlfield>
  <controlfield tag="005">20140404074030.0</controlfield>
  <controlfield tag="008">050926n| azannaabn          |a aaa      </controlfield>
  <datafield tag="010" ind1=" " ind2=" ">
    <subfield code="a">n 2005072244</subfield>
  </datafield>
  <datafield tag="035" ind1=" " ind2=" ">
    <subfield code="a">(OCoLC)oca06743198</subfield>
  </datafield>
  <datafield tag="040" ind1=" " ind2=" ">
    <subfield code="a">DLC</subfield>
    <subfield code="b">eng</subfield>
    <subfield code="e">rda</subfield>
    <subfield code="c">DLC</subfield>
    <subfield code="d">NJQ</subfield>
    <subfield code="d">IlMpPL</subfield>
  </datafield>
  <datafield tag="053" ind1=" " ind2="0">
    <subfield code="a">PS3606.R4454</subfield>
  </datafield>
  <datafield tag="100" ind1="1" ind2=" ">
    <subfield code="a">Freeman, Brian,</subfield>
    <subfield code="d">1963-</subfield>
  </datafield>
  <datafield tag="374" ind1=" " ind2=" ">
    <subfield code="a">Authors</subfield>
    <subfield code="2">lcsh</subfield>
  </datafield>
  <datafield tag="375" ind1=" " ind2=" ">
    <subfield code="a">male</subfield>
  </datafield>
  <datafield tag="377" ind1=" " ind2=" ">
    <subfield code="a">eng</subfield>
  </datafield>
  <datafield tag="400" ind1="1" ind2=" ">
    <subfield code="a">Friman, BraiĚan,</subfield>
    <subfield code="d">1963-</subfield>
  </datafield>
  <datafield tag="670" ind1=" " ind2=" ">
    <subfield code="a">Freeman, Brian. Immoral, 2006:</subfield>
    <subfield code="b">t.p. (Brian Freeman)</subfield>
  </datafield>
  <datafield tag="670" ind1=" " ind2=" ">
    <subfield code="a">Email from pub., Sept. 26, 2005</subfield>
    <subfield code="b">(Brian Freeman; b. Mar. 28, 1963)</subfield>
  </datafield>
  <datafield tag="670" ind1=" " ind2=" ">
    <subfield code="a">Vne morali, 2007:</subfield>
    <subfield code="b">t.p. (BraiĚan Friman)</subfield>
  </datafield>
  <datafield tag="670" ind1=" " ind2=" ">
    <subfield code="a">Freeman, Brian. The cold nowhere, 2014:</subfield>
    <subfield code="b">title page (Brian Freeman) flap page 4 of dust jacket (Brian Freeman; author of psychological suspense novels; lives in Minnesota [includes photograph])</subfield>
  </datafield>
</record>